<record><leader>00000cas a22000007a 4500</leader><controlfield tag="001">21123575</controlfield><controlfield tag="008">900226d19241926moudn ne      0    0eng d</controlfield><datafield ind1=" " ind2=" " tag="010"><subfield code="a">sn 90061206 </subfield></datafield><datafield ind1=" " ind2=" " tag="040"><subfield code="a">MQN</subfield><subfield code="b">eng</subfield><subfield code="c">MQN</subfield><subfield code="d">OCLCQ</subfield></datafield><datafield ind1=" " ind2=" " tag="042"><subfield code="a">msc</subfield></datafield><datafield ind1="0" ind2="0" tag="245"><subfield code="a">Daily chronicle-herald.</subfield></datafield><datafield ind1=" " ind2=" " tag="260"><subfield code="a">Macon, Mo. :</subfield><subfield code="b">Chronicle-Herald Pub. Co.,</subfield><subfield code="c">1924-1926.</subfield></datafield><datafield ind1=" " ind2=" " tag="300"><subfield code="a">v.</subfield></datafield><datafield ind1=" " ind2=" " tag="310"><subfield code="a">Daily (except Sun.)</subfield></datafield><datafield ind1="0" ind2=" " tag="362"><subfield code="a">Vol. 14, no. 156 (Jan. 21, 1924)-v. 17, no. 27 (Aug. 20, 1926).</subfield></datafield><datafield ind1=" " ind2=" " tag="752"><subfield code="a">United States</subfield><subfield code="b">Missouri</subfield><subfield code="c">Macon</subfield><subfield code="d">Macon.</subfield></datafield><datafield ind1="0" ind2="0" tag="780"><subfield code="t">Macon daily chronicle-herald (Macon, Mo. : 1916)</subfield><subfield code="w">(DLC)sn 90061205</subfield></datafield><datafield ind1="0" ind2="0" tag="785"><subfield code="t">Macon daily chronicle-herald (Macon, Mo. : 1926)</subfield><subfield code="w">(DLC)sn 90061207</subfield></datafield></record>